@inproceedings{deligiannis2015psharp,
 author={Deligiannis, Pantazis and Donaldson, Alastair F. and Ketema, Jeroen and Lal, Akash and Thomson, Paul},
 title={Asynchronous programming, analysis and testing with state machines},
 booktitle={{Proceedings of the 36th ACM SIGPLAN Conference on Programming Language Design and Implementation}},
 year={2015},
 pages={154--164},
 publisher={ACM}
}

@inproceedings{deligiannis2016psharp,
 author={Deligiannis, Pantazis and McCutchen, Matt and Thomson, Paul and Chen, Shuo and Donaldson, Alastair F. and Erickson, John and Huang, Cheng and Lal, Akash and Mudduluru, Rashmi and Qadeer, Shaz and Schulte, Wolfram},
 title={Uncovering bugs in distributed storage systems during testing (not in production!)},
 booktitle={{Proceedings of the 14th USENIX Conference on File and Storage Technologies}},
 year={2016},
 pages={249--262},
 publisher={Usenix}
}

@inproceedings{desai2013p,
  author={Ankush Desai and Vivek Gupta and Ethan K. Jackson and Shaz Qadeer and Sriram K. Rajamani and Damien Zufferey},
  title={{P}: Safe Asynchronous Event-Driven Programming},
  booktitle={Proceedings of the 34th {ACM} {SIGPLAN} Conference on Programming Language Design and Implementation},
  year={2013},
  pages={321--332},
 publisher={ACM}
}

@inproceedings{zing-ref,
        author="T. Andrews and S. Qadeer and S. K. Rajamani and J. Rehof and Y. Xie",
        title="Zing: Exploiting Program Structure for Model Checking Concurrent Software",
	booktitle="CONCUR 2004: 15th International Conference on Concurrency Theory",
	series="Lecture Notes in Computer Science",
        volume = "3170",
	publisher="Springer-Verlag",
 	year="2004",
        pages = "1--15"
	}
    
@TechReport{BoogiePL,
 title = "{BoogiePL}: {A} typed procedural language for checking object-oriented programs",
 author = "R. DeLine and K. R. M. Leino",
 institution = "Microsoft Research",
 year = "2005",
 number = "MSR-TR-2005-70"
}

@inproceedings{lal-cav12,
  author    = {Akash Lal and
               Shaz Qadeer and
               Shuvendu K. Lahiri},
  title     = {A Solver for Reachability Modulo Theories},
  booktitle = {Computer Aided Verification - 24th International Conference, {CAV}
               2012, Berkeley, CA, USA, July 7-13, 2012 Proceedings},
  year      = {2012},
  pages     = {427--443}
}

    
